%% APPLICATIONS

@article{wu2020medical,
  title={Medical micro/nanorobots in complex media},
  author={Wu, Zhiguang and Chen, Ye and Mukasa, Daniel and Pak, On Shun and Gao, Wei},
  journal={Chem. Soc. Rev.},
  year={2020},
  volume={49},
  pages={8088-8112},
  doi={10.1039/d0cs00309c}
}
@article{Magneticswim,
  title={Controlled In Vivo Swimming of a Swarm of Bacteria‐Like Microrobotic Flagella},
  author={Servant, Qiu and Mazza, Kostarelos and Nelson},
  journal={Advanced Materials},
  year={2015},
  volume={27},
  pages={2981‐2988},
  doi={10.1002/adma.201404444}
}

%% UNDULATORY LOCOMOTION

@article{borazjani2009numerical,
  title={Numerical investigation of the hydrodynamics of anguilliform swimming in the transitional and inertial flow regimes},
  author={Borazjani, Iman and Sotiropoulos, Fotis},
  journal={J. Exp. Biol.},
  volume={212},
  number={4},
  pages={576--592},
  year={2009},
  doi={10.1242/jeb.025007}
}

@article{cohen2010swimming,
  title={Swimming at low {R}eynolds number: a beginners guide to undulatory locomotion},
  author={Cohen, Netta and Boyle, Jordan H},
  journal={Contemp. Phys.},
  volume={51},
  number={2},
  pages={103--123},
  year={2010},
  doi={10.1080/00107510903268381}
}

@article{jikeli2015sperm,
  title={Sperm navigation along helical paths in 3D chemoattractant landscapes},
  author={Jikeli, Jan F and Alvarez, Luis and Friedrich, Benjamin M and Wilson, Laurence G and Pascal, Ren{\'e} and Colin, Remy and Pichlo, Magdalena and Rennhack, Andreas and Brenker, Christoph and Kaupp, U Benjamin},
  journal={Nat. Commun.},
  volume={6},
  pages={1--10},
  year={2015},
  doi={10.1038/ncomms8985}
}

%% COMPLEX FLUIDS
@article{crowdy2010two,
  title={Two-dimensional point singularity model of a low-{R}eynolds-number swimmer near a wall},
  author={Crowdy, Darren G and Or, Yizhar},
  journal={Physical Review E},
  volume={81},
  number={3},
  pages={036313},
  year={2010},
  publisher={APS},
  doi={10.1103/PhysRevE.81.036313}
}

@article{shen2011undulatory,
  title={Undulatory swimming in viscoelastic fluids},
  author={Shen, XN and Arratia, Paulo E},
  journal={Phys. Rev. Lett.},
  volume={106},
  number={20},
  pages={208101},
  year={2011},
  publisher={APS},
  doi={10.1103/PhysRevLett.106.208101}
}

%% OPTIMAL SWIMMING

@article{alouges2013self,
  title={Self-propulsion of slender micro-swimmers by curvature control: {N}-link swimmers},
  author={Alouges, F and DeSimone, Antonio and Giraldi, L and Zoppello, M},
  journal={International Journal of Non-Linear Mechanics},
  volume={56},
  pages={132--141},
  year={2013},
  publisher={Elsevier},
  doi={10.1016/j.ijnonlinmec.2013.04.012}
}

@article{berti2020swimming,
  title={Swimming at low {R}eynolds number},
  author={Berti, Luca and Giraldi, Laetitia and Prud’Homme, Christophe},
  journal={ESAIM Proc. Surv.},
  volume={67},
  pages={46--60},
  year={2020},
  doi={10.1051/proc/202067004}
}

@article{daddi2021hydrodynamics,
  title={Hydrodynamics can determine the optimal route for microswimmer navigation},
  author={Daddi-Moussa-Ider, A. and L{\"o}wen, H. and Liebchen, B.},
  journal={Commun. Phys.},
  volume={4},
  pages={1--11},
  year={2021},
  doi={10.1038/s42005-021-00522-6}
}



@article{alouges2019energy,
	author = {Alouges, Fran{\c{c}}ois and DeSimone, Antonio and Giraldi, Laetitia and Or, Yizhar and Wiezel, Oren},
	date-added = {2020-03-12 14:20:39 +0100},
	date-modified = {2020-05-19 09:36:49 +0200},
	fjournal = {New Journal of Physics},
	journal = {New J. Phys.},
	number = {4},
	pages = {043050},
	publisher = {IOP Publishing},
	title = {Energy-optimal strokes for multi-link microswimmers: Purcell's loops and {T}aylor's waves reconciled},
	volume = {21},
	year = {2019}}



@article{friedrich2010high,
	author = {Friedrich, Benjamin M and Riedel-Kruse, Ingmar H and Howard, Jonathon and J{\"u}licher, Frank},
	date-added = {2020-03-10 18:52:54 +0100},
	date-modified = {2020-03-10 18:52:54 +0100},
	fjournal = {Journal of Experimental Biology},
	journal = {J. Exp. Biol.},
	number = {8},
	pages = {1226--1234},
	publisher = {The Company of Biologists Ltd},
	title = {High-precision tracking of sperm swimming fine structure provides strong test of resistive force theory},
	volume = {213},
	year = {2010}}


@article{nature,
	author = {Jikeli, Jan F and Alvarez, Luis and Friedrich, Benjamin M and Wilson, Laurence G and Pascal, Ren{\'e} and Colin, Remy and Pichlo, Magdalena and Rennhack, Andreas and Brenker, Christoph and Kaupp, U Benjamin},
	date-added = {2020-03-08 15:58:29 +0100},
	date-modified = {2020-03-08 16:39:28 +0100},
	fjournal = {Nature communications},
	journal = {Nature Commun.},
	number = {1},
	pages = {1--10},
	publisher = {Nature Publishing Group},
	title = {Sperm navigation along helical paths in 3D chemoattractant landscapes},
	volume = {6},
	year = {2015}}

%% SWIMMING AND NAVIGATING VIA REINFORCEMENT LEARNING

@article{alageshan2020machine,
  title={Machine learning strategies for path-planning microswimmers in turbulent flows},
  author={{Jaya Kumar A.} and Verma, Akhilesh Kumar and Bec, J{\'e}r{\'e}mie and Pandit, Rahul},
  journal={Phys. Rev. E},
  volume={101},
  pages={043110},
  year={2020},
  doi={10.1103/PhysRevE.101.043110}
}

@article{cichos2020machine,
  title={Machine learning for active matter},
  author={Cichos, Frank and Gustavsson, Kristian and Mehlig, Bernhard and Volpe, Giovanni},
  journal={Nat. Mach. Intell.},
  volume={2},
  pages={94--103},
  year={2020},
  doi={10.1038/s42256-020-0146-9}
}

@article{colabrese2017flow,
  title={Flow navigation by smart microswimmers via reinforcement learning},
  author={Colabrese, Simona and Gustavsson, Kristian and Celani, Antonio and Biferale, Luca},
  journal={Phys. Rev. Lett.},
  volume={118},
  number={15},
  pages={158004},
  year={2017},
  doi={10.1103/PhysRevLett.118.158004}
}

@article{schneider2019optimal,
  title={Optimal steering of a smart active particle},
  author={Schneider, Elias and Stark, Holger},
  journal={Europhys. Lett.},
  volume={127},
  number={6},
  pages={64003},
  year={2019},
  doi={10.1209/0295-5075/127/64003}
}

@incollection{lindner2015elastic,
  title={Elastic fibers in flows},
  author={Lindner, Anke and Shelley, Michael J},
  booktitle={Fluid-Structure Interactions in Low-Reynolds-Number Flows},
  pages={168--192},
  year={2015},
  publisher={Royal Society of Chemistry},
  url={http://pubs.rsc.org/en/content/chapter/bk9781849738132-00168/978-1-78262-849-1}
}

@article{tornberg2004simulating,
  title={Simulating the dynamics and interactions of flexible fibers in Stokes flows},
  author={Tornberg, Anna-Karin and Shelley, Michael J},
  journal={J. Comput. Phys.},
  volume={196},
  number={1},
  pages={8--40},
  year={2004},
  doi={10.1016/j.jcp.2003.10.017}
}

@article{reddy2016learning,
  title={Learning to soar in turbulent environments},
  author={Reddy, Gautam and Celani, Antonio and Sejnowski, Terrence J and Vergassola, Massimo},
  journal={Proc. Nat. Acad. Sci.},
  volume={113},
  pages={E4877--E4884},
  year={2016},
  doi={10.1073/pnas.1606075113}
}

@article{rothstein1999persistent,
  title={Persistent patterns in transient chaotic fluid mixing},
  author={Rothstein, D and Henry, E and Gollub, Jerry P},
  journal={Nature},
  volume={401},
  number={6755},
  pages={770--772},
  year={1999},
  doi={10.1038/44529}
}